<?xml version="1.0" encoding="UTF-8"?><collection xmlns="http://www.loc.gov/MARC21/slim"><record><leader>00371nam--2200133-i-4500</leader><controlfield tag="001">000027586</controlfield><controlfield tag="002">20161230</controlfield><controlfield tag="005">20161230201036</controlfield><controlfield tag="008">060222s1000------------r-----000-0-eng-d</controlfield><datafield ind1=" " ind2=" " tag="080"><subfield code="a">551.5</subfield></datafield><datafield ind1=" " ind2=" " tag="100"><subfield code="a">Kostin, S.I. Si Pokrovskaia, T.V</subfield></datafield><datafield ind1=" " ind2=" " tag="245"><subfield code="a">Climatologie, metode de prelucrare a datelor climatologice</subfield></datafield><datafield ind1=" " ind2=" " tag="260"><subfield code="a">Bucuresti, Ed.Stiintifica, 1964. 193p</subfield></datafield><datafield ind1=" " ind2=" " tag="852"><subfield code="a">47717</subfield></datafield></record></collection>